<?xml version="1.0" encoding="UTF-8"?><collection xmlns="http://www.loc.gov/MARC21/slim"><record><leader>00455nam--2200133-i-4500</leader><controlfield tag="001">000014459</controlfield><controlfield tag="002">20161230</controlfield><controlfield tag="005">20161230201030</controlfield><controlfield tag="008">060222s1000------------r-----000-0-eng-d</controlfield><datafield ind1=" " ind2=" " tag="080"><subfield code="a">543.51:669(043)</subfield></datafield><datafield ind1=" " ind2=" " tag="100"><subfield code="a">Banon, Serge</subfield></datafield><datafield ind1=" " ind2=" " tag="245"><subfield code="a">Contrubution a l`etude thermodynamique des laitiers. mesure par spectrometrie de masse, des activites sur le systeme ti2o3-tio2catio3. these</subfield></datafield><datafield ind1=" " ind2=" " tag="260"><subfield code="a">Grenoble,Inst.National Polytechnique, 1980. 153 P</subfield></datafield><datafield ind1=" " ind2=" " tag="852"><subfield code="a">71136</subfield></datafield></record></collection>